@inproceedings{maiya2010sampling,
  title={Sampling community structure},
  author={Maiya, Arun S and Berger-Wolf, Tanya Y},
  booktitle={Proceedings of the 19th international conference on World wide web},
  pages={701--710},
  year={2010},
  organization={ACM}
}

@inproceedings{leskovec2006sampling,
  title={Sampling from large graphs},
  author={Leskovec, Jure and Faloutsos, Christos},
  booktitle={Proceedings of the 12th ACM SIGKDD international conference on Knowledge discovery and data mining},
  pages={631--636},
  year={2006},
  organization={ACM}
}

@article{wendtdata,
  title={On data collection, graph construction, and sampling in Twitter},
  author={Wendt, Jeremy D and Wells, Randy and Field Jr, Richard V and Soundarajan, Sucheta}
}

@inproceedings{avrachenkov2014pay,
  title={Pay few, influence most: Online myopic network covering},
  author={Avrachenkov, Konstantin and Basu, Prithwish and Neglia, Giovanni and Ribeiro, Bruno and Towsley, Don},
  booktitle={Computer Communications Workshops (INFOCOM WKSHPS), 2014 IEEE Conference on},
  pages={813--818},
  year={2014},
  organization={IEEE}
}

@article{maiya2014expansion,
  title={Expansion and decentralized search in complex networks},
  author={Maiya, Arun S and Berger-Wolf, Tanya Y},
  journal={Knowledge and information systems},
  volume={38},
  number={2},
  pages={469--490},
  year={2014},
  publisher={Springer}
}

@article{soundarajan2015use,
  title={Use of local group information to identify communities in networks},
  author={Soundarajan, Sucheta and Hopcroft, John E},
  journal={ACM Transactions on Knowledge Discovery from Data (TKDD)},
  volume={9},
  number={3},
  pages={21},
  year={2015},
  publisher={ACM}
}

@inproceedings{mislove2010you,
  title={You are who you know: inferring user profiles in online social networks},
  author={Mislove, Alan and Viswanath, Bimal and Gummadi, Krishna P and Druschel, Peter},
  booktitle={Proceedings of the third ACM international conference on Web search and data mining},
  pages={251--260},
  year={2010},
  organization={ACM}
}

@article{leskovec2015snap,
  title={$\{$SNAP Datasets$\}$:$\{$Stanford$\}$ Large Network Dataset Collection},
  author={Leskovec, Jure and Krevl, Andrej},
  year={2015}
}